% Encoding: UTF-8

@Misc{Mustermann2017,
  author       = {Max Mustermann},
  title        = {Mustertitle},
  howpublished = {Technische Universit\"{a}t Braunschweig},
  month        = jun,
  year         = {2017},
}

@Comment{jabref-meta: databaseType:bibtex;}
