% This file was created with Citavi 6.2.0.12

@proceedings{.04.07.201707.07.2017,
 year = {04.07.2017 - 07.07.2017},
 title = {2017 Ninth International Conference on Ubiquitous and Future Networks (ICUFN)},
 publisher = {IEEE},
 isbn = {978-1-5090-4749-9}
}


@proceedings{.20.08.201723.08.2017,
 year = {20.08.2017 - 23.08.2017},
 title = {2017 13th IEEE Conference on Automation Science and Engineering (CASE)},
 publisher = {IEEE},
 isbn = {978-1-5090-6781-7}
}


@misc{amazon,
 abstract = {Online shopping from a great selection at Prime Air Store.},
 author = {{Amazon.com Inc.}},
 year = {2019},
 title = {Amazon.com: Prime Air},
 note = {URL: \url{https://www.amazon.com/b?node=8037720011}[abgerufen am 19.02.2019].},
 keywords = {Amazon.com;Prime Air},
 urldate = {19.02.2019}
}


@misc{Anderson.2018,
 author = {Anderson, C. (DIY Drones) and Blouin, C.},
 year = {2018},
 title = {10 km high flight with a 1kg quadcopter},
 note = {URL: \url{https://diydrones.com/profiles/blogs/10-km-high-flight-with-a-1kg-quadcopter}[abgerufen am 04.01.2019].},
 urldate = {04.01.2019}
}


@misc{apc,
 author = {{Landing Products Inc.}},
 year = {2019},
 title = {Performance Data | APC Propellers},
 note = {URL: \url{https://www.apcprop.com/technical-information/performance-data/}[abgerufen am 19.02.2019].},
 urldate = {19.02.2019}
}


@misc{apc.theory,
 author = {{Landing Products Inc.}},
 year = {2019},
 title = {Engineering | APC Propellers},
 note = {URL: \url{https://www.apcprop.com/technical-information/engineering/}[abgerufen am 26.02.2019].},
 urldate = {26.02.2019}
}


@misc{arducopter.clav,
 author = {ArduPilot},
 year = {2019},
 title = {Current Limiting and Voltage Scaling --- Copter documentation},
 note = {URL: \url{http://ardupilot.org/copter/docs/current-limiting-and-voltage-scaling.html}[abgerufen am 26.02.2019].},
 urldate = {26.02.2019}
}


@misc{arducopter.mts,
 author = {ArduPilot},
 year = {2019},
 title = {Motor Thrust Scaling --- Copter documentation},
 note = {URL: \url{http://ardupilot.org/copter/docs/motor-thrust-scaling.html}[abgerufen am 26.02.2019].},
 urldate = {26.02.2019}
}


@article{Aviv.2005,
 author = {Aviv, Rosen and Gur, Ohad},
 year = {2005},
 title = {Propeller Performance at Low Advance Ratio},
 pages = {435--441},
 volume = {42},
 number = {2},
 issn = {0021-8669},
 journal = {Journal of Aircraft},
 doi = {10.2514/1.6564}
}


@misc{axi,
 author = {{MODEL MOTORS s. r. o.}},
 year = {2019},
 title = {AXI MODEL MOTORS},
 url = {https://www.modelmotors.cz/},
 urldate = {24.02.2019}
}


@misc{batteriezelle,
 author = {{Luxtrim GmbH}},
 year = {2019},
 title = {Murata / Sony Konion US18650VTC6 - 3120mAh, 3,6V - 3,7V (Flat Top) Lithium-Ionen Akkus 18650},
 note = {URL: \url{https://www.akkuteile.de/lithium-ionen-akkus/18650/sony-konion-us18650vtc6-3120mah-3-6v-3-7v-flat-top-max-30a/a-100680/}[abgerufen am 19.02.2019].},
 keywords = {3;6V 3;7V ungesch{\"u}tzt vtc6 us 18650 3120mah VTC6;Sony Konion US18650VTC6 - 3000mAh},
 urldate = {19.02.2019}
}


@misc{betaflight,
 abstract = {~Introduction Update: This is relevant for all versions of betaflight 3.4.0 and up. One of the new {\textquotedbl}minor features{\textquotedbl} in betaflight that I'm very excited about is throttle limit. Previously throttle...},
 author = {Quadifyrc},
 year = {2019},
 title = {THROTTLE LIMIT IN BETAFLIGHT 3.4 and Up: Longer battery life and cooler motors},
 note = {URL: \url{https://www.quadifyrc.com/tips-and-tricks/throttle-limit-in-betaflight-340-longer-battery-life-and-cooler-motors}[abgerufen am 25.02.2019].},
 keywords = {bang for buck;betaflight;cheap mods;hawk5;mobula7;modifications;mods;tips;tricks},
 urldate = {25.02.2019}
}


@phdthesis{Beyer.2016,
 author = {Beyer, Yannic},
 year = {2016},
 title = {Flugmechanische Modellierung von Multicopter-Systemen in MATLAB/-Simulink},
 address = {Braunschweig},
 publisher = {Institut f{\"u}r Flugf{\"u}hrung},
 school = {{TU Braunschweig}},
 type = {Studienarbeit}
}


@book{Bittner.2014,
 author = {Bittner, Walter},
 year = {2014},
 title = {Flugmechanik der Hubschrauber},
 address = {Berlin, Heidelberg},
 publisher = {{Springer Berlin Heidelberg}},
 isbn = {978-3-642-54285-5},
 doi = {10.1007/978-3-642-54286-2}
}


@book{Bruning.1986,
 author = {Br{\"u}ning, Gerhard and Hafer, Xaver and Sachs, Gottfried},
 year = {1986},
 title = {Flugleistungen: Grundlagen · Flugzust{\"a}nde · Flugabschnitte Aufgaben und L{\"o}sungen},
 url = {http://dx.doi.org/10.1007/978-3-662-07259-2},
 address = {Berlin and Heidelberg},
 edition = {Zweite, neubearbeitete und erweiterte Auflage},
 publisher = {Springer},
 isbn = {978-3-540-16982-6},
 series = {Hochschultext},
 doi = {10.1007/978-3-662-07259-2}
}


@book{Buchi.2013,
 author = {B{\"u}chi, Roland},
 year = {2013},
 title = {Brushless-Motoren und -Regler: Grundlagen - Technik - Praxis},
 price = {EUR 19.80 (DE), EUR 20.40 (AT)},
 address = {Baden-Baden},
 edition = {1. Aufl.},
 publisher = {{Verl. f{\"u}r Technik und Handwerk neue Medien}},
 isbn = {978-3-88180-427-1},
 series = {vth-Fachbuch}
}


@misc{cobramot,
 abstract = {CobraMotorsUSA.com - Cobra Brushless Motors, ESC's and Motor Parts},
 author = {{Innov8tive Designs}, Inc.},
 year = {2017},
 title = {CobraMotorsUSA.com - Cobra CM-2206/30},
 note = {URL: \url{http://www.cobramotorsusa.com/multirotor-2206-30.html}[abgerufen am 26.02.2019].},
 keywords = {Cobra Brushless Motors},
 urldate = {26.02.2019}
}


@misc{cvt,
 author = {Rigidrc},
 year = {2019},
 title = {Reality CVT Automatic Transmission for Tamiya 1/14 Tractor Truck - Rigidrc Shop},
 note = {URL: \url{http://www.rigidrc.com/shop/transmission/670-reality-cvt-automatic-transmission-for-tamiya-114-tractor-truck.html}[abgerufen am 04.03.2019].},
 urldate = {04.03.2019}
}


@article{Drela.2007,
 author = {Drela, Mark},
 year = {2007},
 title = {First-Order DC Electric Motor Model}
}


@misc{Drivecalc,
 author = {Persson, Christian},
 year = {2019},
 title = {Drive Calculator},
 note = {URL: \url{http://www.drivecalc.de/}[abgerufen am 27.12.2018].},
 keywords = {BL;brushless;DC motor;e-flight;elektroantrieb;elektroflug;eletric flight;modellflug;motor analysis;motor analyzer;motoranalyse;performance prediction;propeller calculator;reconfigurator;rotor calculator;wire calculator},
 urldate = {27.12.2018}
}


@misc{dwd,
 abstract = {Das Wetterlexikon des DWD erl{\"a}utert die wichtigsten meteorologischen Begriffe und wird st{\"a}ndig ausgebaut.},
 author = {{Deutscher Wetterdienst}},
 year = {2019},
 title = {Wetter und Klima - Deutscher Wetterdienst - Glossar - R - Radiosonde},
 note = {URL: \url{https://www.dwd.de/DE/service/lexikon/Functions/glossar.html?lv2=102134&lv3=102176}[abgerufen am 22.02.2019].},
 urldate = {22.02.2019}
}


@misc{eCalc,
 abstract = {get your electric rc drive right ✓ fast {\&} reliable simulation - no more guessing ✓ most comprehensive motor database ☆ prevents mispurchase since 2004},
 author = {M{\"u}ller, Markus},
 year = {2018},
 title = {eCalc - the most reliable electric Motor Calculator on the Web for RC Pilots},
 note = {URL: \url{https://www.ecalc.ch/}[abgerufen am 27.12.2018].},
 keywords = {Accu;Airplane;Akku;Antrieb;Auto;Batterie;Battery;BEV;Calc;Calculator;Car;Consumption;Drive;Ducted Fan;eAuto;e-calc;eCalc;eCar;EDF;eflight;electric;Electric Vehicle;eMobilit{\"a}t;eMobility;Energie;Energy;ESC;EV;Fahrzeug;fanCalc;Flugzeug;heliCalc;Helicopter;Helikopter;Impeller;Jet;Luftschraube;Modellbau;MotoCalc;Motor;Multicopter;Multikopter;Multirotor Elektro;Plane;propCalc;Propeller;Range;RC;Rechner;Regler;Reichweite;Remote Control;Setup;Simulate;Simulation;Verbrauch;xCalc;xcopterCalc},
 urldate = {27.12.2018}
}


@misc{elektromodellflug,
 author = {Giese, Gerd},
 year = {2012},
 title = {Elektromodellflug - Datenbank},
 note = {URL: \url{https://www.elektromodellflug.de/oldpage/datenbank.htm}[abgerufen am 20.02.2019].},
 urldate = {20.02.2019}
}


@book{Fischer.2016,
 abstract = {Die Getriebetechnik hat einen bedeutenden Einfluss auf Verbrauch, Fahrbarkeit, Gewicht und Kosten von Fahrzeugen. Die Relevanz dieser Eigenschaften hat in der j{\"u}ngeren Vergangenheit wesentlich zugenommen, und in der Wechselwirkung mit dem gesamten Antriebsstrang bzw. dem Gesamtfahrzeug werden Getriebe zunehmend wichtiger. Mit dem Auftreten der Hybridtechnik ist noch mehr Leben in die Getriebewelt gekommen. Die Freiheitsgrade nehmen weiter zu und vielf{\"a}ltige Kombinationen aus Getriebe, Verbrennungsmotor und E-Motor sind machbar. Das Getriebebuch hat zum Ziel, das System- und Methodenwissen zur Getriebetechnologie darzustellen sowie Funktionen und Wechselwirkungen kennen zu lernen. Abstrahierend werden die zahlreichen Komponenten und Sub-Systeme eingef{\"u}hrt, so dass eine zeitlose Kompetenz vermittelt wird. Mit dem Wissen dieses Buches k{\"o}nnen auch neue Getriebekonzepte bewertet und entwickelt werden. Der Inhalt Kernaufgabe der Fahrzeuggetriebe. - Schaltdynamik und Komfort.- Elemente der Leistungs{\"u}bertragung. - Bet{\"a}tigungs- und Hilfssysteme. - Steuerung und Regelung. - Getriebekonstruktion f{\"u}r PKW- Anwendungen. - Elektrifizierung des Antriebsstrangs. - Getriebeanwendungen au{\ss}erhalb des PKW-Bereichs. Die Zielgruppen Studierende technischer Studieng{\"a}nge an Universit{\"a}ten und Hochschulen Getriebe- und Antriebsstrang-Entwickler in der Fahrzeugindustrie und der Zulieferindustrie Software- und Applikationsingenieure, die sich mit dem Antriebsstrang besch{\"a}ftigen {\"U}ber die Autoren Dr. Robert Fischer, AVL List GmbH, Graz, {\"O}sterreich Prof. Dr.-Ing. Ferit K{\"u}c{\"u}kay, Institut f{\"u}r Fahrzeugtechnik, Technische Universit{\"a}t Braunschweig, Deutschland Prof. Dr. Gunter J{\"u}rgens, Institut f{\"u}r Maschinenelemente, Technische Universit{\"a}t Graz, {\"O}sterreich Dr.-Ing. Burkhard Pollak, pi3 GmbH, Weinheim, Deutschland},
 author = {Fischer, Robert and K{\"u}c{\"u}kay, Ferit and J{\"u}rgens, Gunter and Pollak, Burkhard},
 year = {2016},
 title = {Das Getriebebuch},
 url = {http://dx.doi.org/10.1007/978-3-658-13104-3},
 address = {Wiesbaden},
 edition = {2. {\"u}berarbeitete Auflage},
 publisher = {{Springer Vieweg}},
 isbn = {978-3-658-13103-6},
 series = {Der Fahrzeugantrieb},
 doi = {10.1007/978-3-658-13104-3}
}


@misc{Flyeval,
 abstract = {A performance evaluation website for multicopters or multirotors . Users can obtain the detail evaluations after providing the body frame parameters, the environment and propulsion system parameters.},
 author = {{Reliable Flight Control Group}},
 year = {2018},
 title = {flyeval - Flight Performance Evaluation of UAVs|estimate performance of UAV|multicopter|multirotor|quadcopter|quadrotor performance evaluation|endurance calculation},
 note = {URL: \url{https://flyeval.com/}[abgerufen am 27.12.2018].},
 keywords = {Battery;Calc;calculation;copter;electric;ESC;evaluation;flyeval;flying;Model;Motor;Multicopter;multirotor;performance;Propeller;quadcopter;quadrotor;rotor;test;UAV},
 urldate = {27.12.2018}
}


@misc{gemfan,
 abstract = {Buy GemFan-Acc-7038-ABS-BK / GemFan 7038 ABS Propeller (M6 / Black / CW and CCW) online at the lowest price. HeliPal is famous for their Fast Shipping, Low Price and Good Service. HeliPal is the best and the biggest rc helicopter online store. We have full range of Walkera rc helicopters, walkera parts and accessories, align rc helicopter, part and accessory, nine eagles helicopter, nineeagles parts and accessories, HSP rc cars and HSP parts.},
 author = {Helipal.com},
 year = {2019},
 title = {GemFan 7038 ABS Propeller (M6 / Black / CW and CCW)},
 note = {URL: \url{http://www.helipal.com/gemfan-7038-abs-propeller-m6-black-cw-and-ccw.html}[abgerufen am 26.02.2019].},
 keywords = {Align Parts;Align TRex Helicopter;esky parts;GemFan 7038 ABS Propeller (M6 / Black / CW and CCW);Gemfan Plastic Propellers;Gemfan Propellers;GemFan-Acc-7038-ABS-BK;nine eagles;nine eagles parts;rc helicopter;Walkera;Walkera helicopter;Walkera parts},
 urldate = {26.02.2019}
}


@book{Johnson.2012,
 abstract = {The history of the helicopter may be traced back to the Chinese flying top (c. 400 BC) and to the work of Leonardo da Vinci, who sketched designs for a vertical flight machine utilizing a screw-type propeller. In the late 19th-century, Thomas Edison experimented with helicopter models, realizing that no such machine would be able to fly until the development of a sufficiently lightweight engine. When the internal combustion gasoline engine came on the scene around 1900, the stage was set for the real development of helicopter technology.While this text provides a concise history of helicopter},
 author = {Johnson, Wayne},
 year = {2012},
 title = {Helicopter Theory},
 url = {http://gbv.eblib.com/patron/FullRecord.aspx?p=1894902},
 address = {Newburyport},
 publisher = {{Dover Publications}},
 isbn = {9780486682303},
 series = {Dover Books on Aeronautical Engineering}
}


@inproceedings{KARI.2017,
 author = {Kim, Minwoo and Joo, Heejin and Jang, Byungwook},
 title = {Conceptual multicopter sizing and performance analysis via component database},
 pages = {105--109},
 publisher = {IEEE},
 isbn = {978-1-5090-4749-9},
 booktitle = {2017 Ninth International Conference on Ubiquitous and Future Networks (ICUFN)},
 year = {04.07.2017 - 07.07.2017},
 doi = {10.1109/ICUFN.2017.7993756}
}


@misc{landwirtschaft,
 abstract = {Schadenserfassung aus der Vogelperspektive. Drohnen leisten in der heutigen smarten Landwirtschaft wertvolle Dienste. Sie helfen, Tiere vor dem M{\"a}hen im Feld zu orten, gr{\"o}{\ss}ere Unkrautnester von oben zu entdecken oder Sch{\"a}dlinge biologisch zu bek{\"a}mpfen.},
 author = {{Forum Moderne Landwirtschaft}},
 year = {2019},
 title = {Drohnen f{\"u}r die Landwirtschaft: Innovativer Pflanzenschutz},
 note = {URL: \url{https://www.moderne-landwirtschaft.de/drohnen-fuer-die-landwirtschaft-innovativer-pflanzenschutz}[abgerufen am 19.02.2019].},
 keywords = {Drohne;Ernteversicherung;Landwirtschaft},
 urldate = {19.02.2019}
}


@phdthesis{Lubrano.2016,
 author = {Lubrano, A.},
 year = {2016},
 title = {Optimisation de la cha{\^i}ne propulsive d'un micro drone avion ou VTOL},
 publisher = {ISAE-SUPAERO},
 type = {student research project}
}


@article{Magnussen.2015,
 author = {Magnussen, {\O}yvind and Ottestad, Morten and Hovland, Geir},
 year = {2015},
 title = {Multicopter Design Optimization and Validation},
 pages = {67--79},
 volume = {36},
 number = {2},
 issn = {0332-7353},
 journal = {Modeling, Identification and Control: A Norwegian Research Bulletin},
 doi = {10.4173/mic.2015.2.1}
}


@inproceedings{Mutlu.2014,
 author = {Mutlu, Taner and Hajiyev, Chingiz},
 title = {Flight tests, data collection, system identification, performance analysis of multicopter vehicle},
 pages = {19--26},
 publisher = {IEEE},
 isbn = {978-1-4799-5478-0},
 editor = {Staff, IEEE},
 booktitle = {2014 6th International Conference on Electronics, Computers and Artificial Intelligence (ECAI)},
 year = {Oct. 2014},
 address = {Piscataway},
 doi = {10.1109/ECAI.2014.7090192}
}


@article{Neitzke.2013,
 author = {{Klaus-Peter Neitzke}},
 year = {2013},
 title = {Rotary~Wing Micro Air Vehicle Endurance},
 keywords = {Endurance, MAV}
}


@phdthesis{Ostler.2006,
 author = {Ostler, Jon Neal},
 year = {17.03.2006},
 title = {Flight Testing Small, Electric Powered Unmanned Aerial Vehicles},
 url = {http://hdl.lib.byu.edu/1877/etd1223},
 address = {Provo, Utah},
 publisher = {Department of Mechanical Engineering},
 school = {{Brigham Young University}},
 type = {Thesis}
}


@inproceedings{PCUP.2017,
 author = {Paredes, Juan Augusto and Saito, Carlos and Abarca, Monica and Cuellar, Francisco},
 title = {Study of effects of high-altitude environments on multicopter and fixed-wing UAVs' energy consumption and flight time},
 pages = {1645--1650},
 publisher = {IEEE},
 isbn = {978-1-5090-6781-7},
 booktitle = {2017 13th IEEE Conference on Automation Science and Engineering (CASE)},
 year = {20.08.2017 - 23.08.2017},
 doi = {10.1109/COASE.2017.8256340}
}


@misc{polizei,
 author = {{Nieders{\"a}chsisches Ministerium f{\"u}r Inneres und Sport}},
 year = {2018},
 title = {Beantwortung der M{\"u}ndl. Anfrage der FDP zum Drohneneinsatz der Polizei | Nds. Ministerium f{\"u}r Inneres und Sport},
 note = {URL: \url{http://www.mi.niedersachsen.de/startseite/aktuelles/aus_landtag/beantwortung-der-muendl-anfrage-der-fdp-zum-drohneneinsatz-der-polizei-168086.html}[abgerufen am 19.02.2019].},
 keywords = {Drohnen;Landtag;Pistorius;Polizei},
 urldate = {19.02.2019}
}


@book{Quan.2017,
 author = {Quan, Quan},
 year = {2017},
 title = {Introduction to Multicopter Design and Control},
 address = {Singapore},
 publisher = {{Springer Singapore}},
 isbn = {978-981-10-3381-0},
 doi = {10.1007/978-981-10-3382-7}
}


@book{Scheiderer.2008,
 author = {Scheiderer, Joachim},
 year = {2008},
 title = {Angewandte Flugleistung: Eine Einf{\"u}hrung in die operationelle Flugleistung vom Start bis zur Landung},
 address = {Berlin},
 edition = {1. Aufl.},
 publisher = {Springer},
 isbn = {978-3-540-72724-8}
}


@article{Seidel.2011,
 author = {Seidel, Dian J. and Sun, Bomin and Pettey, Michael and Reale, Anthony},
 year = {2011},
 title = {Global radiosonde balloon drift statistics},
 pages = {D22123},
 volume = {116},
 number = {D7},
 issn = {0148-0227},
 journal = {Journal of Geophysical Research},
 doi = {10.1029/2010JD014891}
}


@article{Shi.2017,
 author = {Shi, Dongjie and Dai, Xunhua and Zhang, Xiaowei and Quan, Quan},
 year = {2017},
 title = {A Practical Performance Evaluation Method for Electric Multicopters},
 pages = {1337--1348},
 volume = {22},
 number = {3},
 issn = {1083-4435},
 journal = {IEEE/ASME Transactions on Mechatronics},
 doi = {10.1109/TMECH.2017.2675913}
}


@proceedings{Staff.Oct.2014,
 abstract = {Annotation},
 year = {Oct. 2014},
 title = {2014 6th International Conference on Electronics, Computers and Artificial Intelligence (ECAI)},
 address = {Piscataway},
 publisher = {IEEE},
 isbn = {978-1-4799-5478-0},
 editor = {Staff, IEEE}
}


@article{Stepaniak.2009,
 author = {Stepaniak, Michael J. and {van Graas}, Frank and de Haag, Maarten Uijt},
 year = {2009},
 title = {Design of an Electric Propulsion System for a Quadrotor Unmanned Aerial Vehicle},
 pages = {1050--1058},
 volume = {46},
 number = {3},
 issn = {0021-8669},
 journal = {Journal of Aircraft},
 doi = {10.2514/1.38409}
}


@article{Traub.2016,
 author = {Traub, Lance},
 year = {2016},
 title = {Calculation of Constant Power Lithium Battery Discharge Curves},
 pages = {17},
 volume = {2},
 number = {2},
 journal = {Batteries},
 doi = {10.3390/batteries2020017}
}


@article{Tremblay.2009,
 author = {Tremblay, Olivier and Dessaint, Louis-A.},
 year = {2009},
 title = {Experimental Validation of a Battery Dynamic Model for EV Applications},
 pages = {289--298},
 volume = {3},
 number = {2},
 journal = {World Electric Vehicle Journal},
 doi = {10.3390/wevj3020289}
}


@book{Wall.2015,
 author = {Wall, Berend Gerdes},
 year = {2015},
 title = {Grundlagen der Hubschrauber-Aerodynamik},
 address = {Berlin, Heidelberg},
 publisher = {{Springer Berlin Heidelberg}},
 isbn = {978-3-662-44399-6},
 doi = {10.1007/978-3-662-44400-9}
}


